
@article{rohrer2018, title={Thinking clearly about correlations and causation: Graphical causal models for observational data}, volume={1}, number={1}, journal={Advances in Methods and Practices in Psychological Science}, publisher={Sage}, author={Rohrer, Julia M}, year={2018}, pages={27–42} }

@book{barrett2021, title={ggdag: Analyze and Create Elegant Directed Acyclic Graphs}, url={https://CRAN.R-project.org/package=ggdag}, author={Barrett, Malcolm}, year={2021} }

@book{mcelreath2020, title={Statistical rethinking: A Bayesian course with examples in R and Stan}, publisher={CRC press}, author={McElreath, Richard}, year={2020} }


@MISC{Liddell_undated-xr,
  title  = "Analyzing ordinal data with metric models: What could possibly go
            wrong?",
  author = "Liddell, Torrin and Kruschke, John K"
}


@book{kurz2020, title={ASKurz/Statistical_Rethinking_with_brms_ggplot2_an d_the_tidyverse: Correct multinomial and Gaussian process models}, url={https://doi.org/10.5281/zenodo.4080013}, DOI={10.5281/zenodo.4080013}, publisher={Zenodo}, author={Kurz, A. Solomon}, year={2020}, month={Oct} }

@book{gelman2020, title={Regression and other stories}, publisher={Cambridge University Press}, author={Gelman, Andrew and Hill, Jennifer and Vehtari, Aki}, year={2020} }

@article{bürkner2019, title={Ordinal Regression Models in Psychology: A Tutorial}, volume={2}, number={1}, journal={Advances in Methods and Practices in Psychological Science}, publisher={SAGE}, author={Bürkner, Paul-Christian and Vuorre, Matti}, year={2019}, month={Mar}, pages={77–101} }
