@book{darwin2009origin,
  title={The origin of species by means of natural selection: or, the preservation of favored races in the struggle for life},
  author={Darwin, Charles and Bynum, William F},
  year={2009},
  publisher={AL Burt New York}
}
