
@book{mcelreath2020, title={Statistical rethinking: A Bayesian course with examples in R and Stan}, publisher={CRC press}, author={McElreath, Richard}, year={2020} }

@book{gelman2020, title={Regression and other stories}, publisher={Cambridge University Press}, author={Gelman, Andrew and Hill, Jennifer and Vehtari, Aki}, year={2020} }
