@article{gelman2013garden,
  title={The garden of forking paths: Why multiple comparisons can be a problem, even when there is no “fishing expedition” or “p-hacking” and the research hypothesis was posited ahead of time},
  author={Gelman, Andrew and Loken, Eric},
  journal={Department of Statistics, Columbia University},
  volume={348},
  year={2013}
}
