
@article{rohrer2018, title={Thinking clearly about correlations and causation: Graphical causal models for observational data}, volume={1}, number={1}, journal={Advances in Methods and Practices in Psychological Science}, publisher={Sage}, author={Rohrer, Julia M}, year={2018}, pages={27–42} }

@book{barrett2021, title={ggdag: Analyze and Create Elegant Directed Acyclic Graphs}, url={https://CRAN.R-project.org/package=ggdag}, author={Barrett, Malcolm}, year={2021} }

@book{mcelreath2020, title={Statistical rethinking: A Bayesian course with examples in R and Stan}, publisher={CRC press}, author={McElreath, Richard}, year={2020} }

@article{honaker2011, title={Amelia II: A Program for Missing Data}, volume={45}, url={http://www.jstatsoft.org/v45/i07/}, number={7}, journal={Journal of Statistical Software}, author={Honaker, James and King, Gary and Blackwell, Matthew}, year={2011}, pages={1–47} }

@article{bhaskaran2014, title={What is the difference between missing completely at random and missing at random?}, volume={43}, ISSN={0300-5771, 1464-3685}, url={https://academic.oup.com/ije/article-lookup/doi/10.1093/ije/dyu080}, DOI={10.1093/ije/dyu080}, number={4}, journal={International Journal of Epidemiology}, author={Bhaskaran, Krishnan and Smeeth, Liam}, year={2014}, month={Aug}, pages={1336–1339} }

@article{blackwell2017, title={A Unified Approach to Measurement Error and Missing Data: Overview and Applications}, volume={46}, url={http://journals.sagepub.com/doi/full/10.1177/0049124115585360}, number={3}, journal={Sociological Methods and Research}, author={Blackwell, Matthew and Honaker, James and King, Gary}, year={2017}, pages={303–341} }

@book{gelman2006,
	title = {Data analysis using regression and multilevel/hierarchical models},
	author = {{Gelman}, {Andrew} and {Hill}, {Jennifer}},
	year = {2006},
	date = {2006},
	publisher = {Cambridge university press}
}

@book{mcelreath2020a,
	title = {Statistical rethinking: A Bayesian course with examples in R and Stan},
	author = {{McElreath}, {Richard}},
	year = {2020},
	date = {2020},
	publisher = {CRC press}
}
