
@book{mcelreath2020, title={Statistical rethinking: A Bayesian course with examples in R and Stan}, publisher={CRC press}, author={McElreath, Richard}, year={2020} }
