@book{darwin1964origin,
  title={On the origin of species: A facsimile of the first edition},
  author={Darwin, Charles},
  volume={11},
  year={1964},
  publisher={Harvard University Press}
}
