
@article{rohrer2018, title={Thinking clearly about correlations and causation: Graphical causal models for observational data}, volume={1}, number={1}, journal={Advances in Methods and Practices in Psychological Science}, publisher={Sage}, author={Rohrer, Julia M}, year={2018}, pages={27â€“42} }

@book{barrett2021, title={ggdag: Analyze and Create Elegant Directed Acyclic Graphs}, url={https://CRAN.R-project.org/package=ggdag}, author={Barrett, Malcolm}, year={2021} }

@book{mcelreath2020, title={Statistical rethinking: A Bayesian course with examples in R and Stan}, publisher={CRC press}, author={McElreath, Richard}, year={2020} }
